%% This BibTeX bibliography file was created using BibDesk.
%% http://bibdesk.sourceforge.net/


%% Created for sok at 2013-11-20 21:07:26 +0100


%% Saved with string encoding Unicode (UTF-8)



@online{wiki:ODBC,
	Author = {Wikipedia},
	Date-Added = {2013-11-12 14:45:11 +0000},
	Date-Modified = {2013-11-20 20:03:28 +0000},
	Keywords = {db, driver},
	Lastchecked = {2013-11-12},
	Note = {[Online; Stand 12. November 2013]},
	Title = {Open Database Connectivity --- Wikipedia{,} Die freie Enzyklop{\"a}die},
	Url = {http://de.wikipedia.org/w/index.php?title=Open_Database_Connectivity&oldid=123389150},
	Year = {2013},
	Bdsk-Url-1 = {http://de.wikipedia.org/w/index.php?title=Open_Database_Connectivity&oldid=123389150}}

@online{lim2004ADOdb,
	Date-Added = {2013-11-11 10:43:36 +0000},
	Date-Modified = {2013-11-11 10:44:55 +0000},
	Keywords = {adodb tutorial},
	Lastchecked = {Montag, 11. November 2013},
	Month = {06},
	Title = {ADOdb Tutorial (Deutsch) | PHP Everywhere},
	Url = {http://phplens.com/phpeverywhere/adodb_german},
	Year = {2004},
	Bdsk-Url-1 = {http://phplens.com/phpeverywhere/adodb_german}}

@book{popel2007learning,
	Author = {Popel, Dennis},
	Date-Added = {2013-11-11 08:52:19 +0000},
	Date-Modified = {2013-11-11 10:45:42 +0000},
	Keywords = {pdo, php, db},
	Publisher = {Packt Publishing Ltd},
	Title = {Learning PHP Data Objects: A Beginner's Guide to PHP Data Objects, Database Connection Abstraction Library for PHP 5},
	Year = {2007},
	Bdsk-Url-1 = {http://books.google.de/books?hl=de&lr=lang_de%7Clang_en&id=XCpEXzsW8JYC&oi=fnd&pg=PT6&dq=%22pdo+php%22&ots=RVZ5SbXbmy&sig=Kkr6mUyNoOt7taO0ctX7ZJSPYPQ#v=onepage&q=%22pdo%20php%22&f=false}}

@online{wiki:ADOdb_de,
	Author = {Wikipedia},
	Date-Added = {2013-11-11 08:31:02 +0000},
	Date-Modified = {2013-11-20 20:07:26 +0000},
	Keywords = {adodb, wikipedia, db},
	Lastchecked = {2013-11-11},
	Note = {[Online; Stand 11. November 2013]},
	Title = {ADOdb --- Wikipedia{,} Die freie Enzyklop{\"a}die},
	Url = {http://de.wikipedia.org/w/index.php?title=Open_Database_Connectivity&oldid=123389150},
	Year = {2013},
	Bdsk-Url-1 = {http://de.wikipedia.org/w/index.php?title=ADOdb&oldid=119409439}}
